<record><leader>00000cas a2200000 a 4500</leader><controlfield tag="001">11798643</controlfield><controlfield tag="008">850313d18871890ksuwr ne      0   a0ger d</controlfield><datafield ind1=" " ind2=" " tag="010"><subfield code="a">sn 85030993 </subfield></datafield><datafield ind1=" " ind2=" " tag="040"><subfield code="a">KSH</subfield><subfield code="b">eng</subfield><subfield code="c">KSH</subfield><subfield code="d">NPT</subfield><subfield code="d">OCL</subfield><subfield code="d">OCLCQ</subfield></datafield><datafield ind1=" " ind2=" " tag="042"><subfield code="a">msc</subfield></datafield><datafield ind1="0" ind2="0" tag="245"><subfield code="a">Marion County Anzeiger.</subfield></datafield><datafield ind1=" " ind2=" " tag="260"><subfield code="a">Marion, Kan. :</subfield><subfield code="b">Western German Pub. Co.,</subfield><subfield code="c">1887-1890.</subfield></datafield><datafield ind1=" " ind2=" " tag="300"><subfield code="a">3 v. :</subfield><subfield code="b">ill. ;</subfield><subfield code="c">53 cm.</subfield></datafield><datafield ind1=" " ind2=" " tag="310"><subfield code="a">Weekly</subfield></datafield><datafield ind1="0" ind2=" " tag="362"><subfield code="a">Vol. 1, no. 1 (July 15, 1887)-v. 3, no. 51 (Apr. 11, 1890).</subfield></datafield><datafield ind1=" " ind2=" " tag="500"><subfield code="a">Published in Hillsboro, Kan., Sept. 14, 1888-Apr. 11, 1890.</subfield></datafield><datafield ind1=" " ind2=" " tag="500"><subfield code="a">Published by J.F. Harms, Aug. 24, 1888-Apr. 11, 1890.</subfield></datafield><datafield ind1=" " ind2=" " tag="752"><subfield code="a">United States</subfield><subfield code="b">Kansas</subfield><subfield code="c">Marion</subfield><subfield code="d">Marion.</subfield></datafield><datafield ind1=" " ind2=" " tag="752"><subfield code="a">United States</subfield><subfield code="b">Kansas</subfield><subfield code="c">Marion</subfield><subfield code="d">Hillsboro.</subfield></datafield><datafield ind1="0" ind2="0" tag="785"><subfield code="t">Hillsboro Anzeiger</subfield><subfield code="w">(DLC)sn 85031013</subfield></datafield></record>